<?xml version="1.0" encoding="UTF-8"?><record xmlns="http://www.loc.gov/MARC21/slim" xmlns:cinclude="http://apache.org/cocoon/include/1.0" xmlns:zs="http://www.loc.gov/zing/srw/">
  <leader>00454cz  a2200157n  4500</leader>
  <controlfield tag="001">nr 99036338 </controlfield>
  <controlfield tag="003">DLC</controlfield>
  <controlfield tag="005">20010324072002.0</controlfield>
  <controlfield tag="008">991117nc acannaabn          |a aaa      </controlfield>
  <datafield tag="010" ind1=" " ind2=" ">
    <subfield code="a">nr 99036338 </subfield>
  </datafield>
  <datafield tag="035" ind1=" " ind2=" ">
    <subfield code="a">(OCoLC)oca05107271</subfield>
  </datafield>
  <datafield tag="040" ind1=" " ind2=" ">
    <subfield code="a">DLC-R</subfield>
    <subfield code="b">eng</subfield>
    <subfield code="c">DLC-R</subfield>
    <subfield code="d">OCoLC</subfield>
  </datafield>
  <datafield tag="100" ind1="1" ind2=" ">
    <subfield code="a">Xu, Shikai,</subfield>
    <subfield code="d">1934-</subfield>
    <subfield code="t">Essays</subfield>
  </datafield>
  <datafield tag="400" ind1="1" ind2=" ">
    <subfield code="a">Xu, Shikai,</subfield>
    <subfield code="d">1934-</subfield>
    <subfield code="t">Xu Shikai wen ji</subfield>
  </datafield>
  <datafield tag="400" ind1="1" ind2=" ">
    <subfield code="w">nnea</subfield>
    <subfield code="a">Hsü, Shih-kʻai,</subfield>
    <subfield code="d">1934-</subfield>
    <subfield code="t">Essays</subfield>
  </datafield>
  <datafield tag="670" ind1=" " ind2=" ">
    <subfield code="a">Hsü Shih-kʻai wen chi, 1998.</subfield>
  </datafield>
</record>